@article{Pankow:2015cra,
      author         = {Pankow, C. and Brady, P. and Ochsner, E. and
                        Oâ€™Shaughnessy, R.},
      title          = {Novel scheme for rapid parallel parameter estimation of
                        gravitational waves from compact binary coalescences},
      journal        = {Phys. Rev.},
      volume         = {D92},
      year           = {2015},
      number         = {2},
      pages          = {023002},
      doi            = {10.1103/PhysRevD.92.023002},
      eprint         = {1502.04370},
      archivePrefix  = {arXiv},
      primaryClass   = {gr-qc},
      reportNumber   = {LIGO-P1500012},
      SLACcitation   = {%%CITATION = ARXIV:1502.04370;%%}
}

@article{Blackburn:2014rqa,
  author = {Blackburn, L. and Briggs, M.S. and Camp, J. and others},
  title = {{High-energy electromagnetic offline follow-up of LIGO-Virgo gravitational-wave binary coalescence candidate events}},
  journal = {Astrophys.J.Suppl.},
  number = {1},
  volume = {217},
  pages = {8},
  doi = {10.1088/0067-0049/217/1/8},
  year = {2015},
  eprint = {1410.0929},
  archiveprefix = {arXiv},
  primaryclass = {astro-ph.HE},
  slaccitation = {%%CITATION = ARXIV:1410.0929;%%},
}


@article{FinnChernoff,
  title = {{Observing binary inspiral in gravitational radiation: One interferometer}},
  author = {Finn, Lee Samuel and Chernoff, David F.},
  journal = {Phys. Rev. D},
  volume = {47},
  issue = {6},
  pages = {2198--2219},
  numpages = {0},
  year = {1993},
  month = {Mar},
  publisher = {American Physical Society},
  doi = {10.1103/PhysRevD.47.2198},
  url = {http://link.aps.org/doi/10.1103/PhysRevD.47.2198},
}


@ARTICLE{2013arXiv1304.0670L,
  author = {{Aasi}, J. and {Abadie}, J. and {Abbott}, B.~P. and others},
  title = {{Prospects for Localization of Gravitational Wave Transients by the Advanced LIGO and Advanced Virgo Observatories}},
  journal = {ArXiv e-prints},
  archiveprefix = {arXiv},
  eprint = {1304.0670},
  primaryclass = {gr-qc},
  keywords = {General Relativity and Quantum Cosmology, Astrophysics - High Energy Astrophysical Phenomena},
  year = {2013},
  month = {apr},
  adsurl = {http://adsabs.harvard.edu/abs/2013arXiv1304.0670L},
  adsnote = {Provided by the SAO/NASA Astrophysics Data System},
}


@techreport{Barsotti:2012,
  author = {Barsotti, L. and Fritschel, P.},
  month = {aug},
  number = {LIGO-T1200307-v4},
  title = {{Early aLIGO Configurations: example scenarios toward design sensitivity}},
  url = {https://dcc.ligo.org/LIGO-T1200307-v4},
  year = {2012},
}


@techreport{WhitePaper2014,
  author = {Aasi, J and others},
  collaboration = {LIGO Scientific and Virgo Collaboration},
  month = {nov},
  number = {LIGO-T1400054-v7},
  title = {{The LSC--Virgo White Paper on Gravitational Wave Searches and Astrophysics}},
  url = {https://dcc.ligo.org/T1400054/public},
  year = {2014},
}


@article{Singer_2014,
  doi = {10.1088/0004-637x/795/2/105},
  url = {http://dx.doi.org/10.1088/0004-637X/795/2/105},
  year = {2014},
  month = {oct},
  publisher = {{IOP} Publishing},
  volume = {795},
  number = {2},
  pages = {105},
  author = {Leo P. Singer and Larry R. Price and Ben Farr and others},
  title = {{{THE} {FIRST} {TWO} {YEARS} {OF} {ELECTROMAGNETIC} {FOLLOW}-{UP} {WITH} {ADVANCED} {LIGO} {AND} {VIRGO}}},
  journal = {{ApJ}},
}


@article{Burgay_2003,
  doi = {10.1038/nature02124},
  url = {http://dx.doi.org/10.1038/nature02124},
  year = {2003},
  month = {dec},
  publisher = {Nature Publishing Group},
  volume = {426},
  number = {6966},
  pages = {531--533},
  author = {M. Burgay and N. D{\textquotesingle}Amico and A. Possenti and others},
  title = {{An increased estimate of the merger rate of double neutron stars from observations of a highly relativistic system}},
  journal = {Nature},
}


@article{Brown_2012,
  doi = {10.1103/physrevd.86.084017},
  url = {http://dx.doi.org/10.1103/PhysRevD.86.084017},
  year = {2012},
  month = {oct},
  publisher = {American Physical Society ({APS})},
  volume = {86},
  number = {8},
  author = {Duncan A. Brown and Ian Harry and Andrew Lundgren and Alexander H. Nitz},
  title = {{Detecting binary neutron star systems with spin in advanced gravitational-wave detectors}},
  journal = {Physical Review D},
}


@article{Cannon_2012,
  doi = {10.1088/0004-637x/748/2/136},
  url = {http://dx.doi.org/10.1088/0004-637X/748/2/136},
  year = {2012},
  month = {mar},
  publisher = {{IOP} Publishing},
  volume = {748},
  number = {2},
  pages = {136},
  author = {Kipp Cannon and Romain Cariou and Adrian Chapman and others},
  title = {{{TOWARD} {EARLY}-{WARNING} {DETECTION} {OF} {GRAVITATIONAL} {WAVES} {FROM} {COMPACT} {BINARY} {COALESCENCE}}},
  journal = {{ApJ}},
}


@article{Hessels_2006,
  doi = {10.1126/science.1123430},
  url = {http://dx.doi.org/10.1126/science.1123430},
  year = {2006},
  month = {mar},
  publisher = {American Association for the Advancement of Science ({AAAS})},
  volume = {311},
  number = {5769},
  pages = {1901--1904},
  author = {J. W. T. Hessels},
  title = {{A Radio Pulsar Spinning at 716 Hz}},
  journal = {Science},
}


@article{Lo_2011,
  doi = {10.1088/0004-637x/728/1/12},
  url = {http://dx.doi.org/10.1088/0004-637X/728/1/12},
  year = {2011},
  month = {jan},
  publisher = {{IOP} Publishing},
  volume = {728},
  number = {1},
  pages = {12},
  author = {Ka-Wai Lo and Lap-Ming Lin},
  title = {{{THE} {SPIN} {PARAMETER} {OF} {UNIFORMLY} {ROTATING} {COMPACT} {STARS}}},
  journal = {{ApJ}},
}


@article{Buonanno_2003,
  doi = {10.1103/physrevd.67.104025},
  url = {http://dx.doi.org/10.1103/PhysRevD.67.104025},
  year = {2003},
  month = {may},
  publisher = {American Physical Society ({APS})},
  volume = {67},
  number = {10},
  author = {Alessandra Buonanno and Yanbei Chen and Michele Vallisneri},
  title = {{Detecting gravitational waves from precessing binaries of spinning compact objects: Adiabatic limit}},
  journal = {Physical Review D},
}


@article{Buonanno_2009,
  doi = {10.1103/physrevd.80.084043},
  url = {http://dx.doi.org/10.1103/PhysRevD.80.084043},
  year = {2009},
  month = {oct},
  publisher = {American Physical Society ({APS})},
  volume = {80},
  number = {8},
  author = {Alessandra Buonanno and Bala Iyer and Evan Ochsner and Yi Pan and B. Sathyaprakash},
  title = {{Comparison of post-Newtonian templates for compact binary inspiral signals in gravitational-wave detectors}},
  journal = {Physical Review D},
}


@article{Nissanke_2010,
  doi = {10.1088/0004-637x/725/1/496},
  url = {http://dx.doi.org/10.1088/0004-637X/725/1/496},
  year = {2010},
  month = {nov},
  publisher = {{IOP} Publishing},
  volume = {725},
  number = {1},
  pages = {496--514},
  author = {Samaya Nissanke and Daniel E. Holz and Scott A. Hughes and Neal Dalal and Jonathan L. Sievers},
  title = {{{EXPLORING} {SHORT} {GAMMA}-{RAY} {BURSTS} {AS} {GRAVITATIONAL}-{WAVE} {STANDARD} {SIRENS}}},
  journal = {{ApJ}},
}


@article{Nissanke_2011,
  doi = {10.1088/0004-637x/739/2/99},
  url = {http://dx.doi.org/10.1088/0004-637X/739/2/99},
  year = {2011},
  month = {sep},
  publisher = {{IOP} Publishing},
  volume = {739},
  number = {2},
  pages = {99},
  author = {Samaya Nissanke and Jonathan Sievers and Neal Dalal and Daniel Holz},
  title = {{{LOCALIZING} {COMPACT} {BINARY} {INSPIRALS} {ON} {THE} {SKY} {USING} {GROUND}-{BASED} {GRAVITATIONAL} {WAVE} {INTERFEROMETERS}}},
  journal = {{ApJ}},
}


@article{Aasi_2013,
  doi = {10.1103/physrevd.88.062001},
  url = {http://dx.doi.org/10.1103/PhysRevD.88.062001},
  year = {2013},
  month = {sep},
  publisher = {American Physical Society ({APS})},
  volume = {88},
  number = {6},
  author = {J. Aasi and J. Abadie and B. P. Abbott and others},
  title = {{Parameter estimation for compact binary coalescence signals with the first generation gravitational-wave detector network}},
  journal = {Physical Review D},
}


@article{Rodriguez_2014,
  doi = {10.1088/0004-637x/784/2/119},
  url = {http://dx.doi.org/10.1088/0004-637X/784/2/119},
  year = {2014},
  month = {mar},
  publisher = {{IOP} Publishing},
  volume = {784},
  number = {2},
  pages = {119},
  author = {Carl L. Rodriguez and Benjamin Farr and Vivien Raymond and others},
  title = {{{BASIC} {PARAMETER} {ESTIMATION} {OF} {BINARY} {NEUTRON} {STAR} {SYSTEMS} {BY} {THE} {ADVANCED} {LIGO}/{VIRGO} {NETWORK}}},
  journal = {{ApJ}},
}


@article{Hannam_2013,
  doi = {10.1088/2041-8205/766/1/l14},
  url = {http://dx.doi.org/10.1088/2041-8205/766/1/L14},
  year = {2013},
  month = {mar},
  publisher = {{IOP} Publishing},
  volume = {766},
  number = {1},
  pages = {L14},
  author = {Mark Hannam and Duncan A. Brown and Stephen Fairhurst and Chris L. Fryer and Ian W. Harry},
  title = {{{WHEN} {CAN} {GRAVITATIONAL}-{WAVE} {OBSERVATIONS} {DISTINGUISH} {BETWEEN} {BLACK} {HOLES} {AND} {NEUTRON} {STARS}?}},
  journal = {{ApJ}},
}


@article{Veitch_2014,
  title = {{Parameter estimation for compact binaries with ground-based gravitational-wave observations using the LALInference software library}},
  author = {Veitch, J. and Raymond, V. and Farr, B. and others},
  journal = {Physical Review D},
  volume = {91},
  issue = {4},
  pages = {042003},
  numpages = {25},
  year = {2015},
  month = {Feb},
  publisher = {American Physical Society},
  doi = {10.1103/PhysRevD.91.042003},
  url = {http://link.aps.org/doi/10.1103/PhysRevD.91.042003},
}


@article{Veitch_2012,
  doi = {10.1103/physrevd.85.104045},
  url = {http://dx.doi.org/10.1103/PhysRevD.85.104045},
  year = {2012},
  month = {may},
  publisher = {American Physical Society ({APS})},
  volume = {85},
  number = {10},
  author = {J. Veitch and I. Mandel and B. Aylott and others},
  title = {{Estimating parameters of coalescing compact binaries with proposed advanced detector networks}},
  journal = {Physical Review D},
}


@article{Christensen_2003,
  doi = {10.1088/0264-9381/21/1/023},
  url = {http://dx.doi.org/10.1088/0264-9381/21/1/023},
  year = {2003},
  month = {dec},
  publisher = {{IOP} Publishing},
  volume = {21},
  number = {1},
  pages = {317--330},
  author = {Nelson Christensen and Renate Meyer and Adam Libson},
  title = {{A Metropolis{\textendash}Hastings routine for estimating parameters from compact binary inspiral events with laser interferometric gravitational radiation data}},
  journal = {Classical and Quantum Gravity},
}


@article{R_ver_2006,
  doi = {10.1088/0264-9381/23/15/009},
  url = {http://dx.doi.org/10.1088/0264-9381/23/15/009},
  year = {2006},
  month = {jul},
  publisher = {{IOP} Publishing},
  volume = {23},
  number = {15},
  pages = {4895--4906},
  author = {Christian RÃ¶ver and Renate Meyer and Nelson Christensen},
  title = {{Bayesian inference on compact binary inspiral gravitational radiation signals in interferometric data}},
  journal = {Classical and Quantum Gravity},
}


@article{van_der_Sluys_2008,
  doi = {10.1086/595279},
  url = {http://dx.doi.org/10.1086/595279},
  year = {2008},
  month = {oct},
  publisher = {{IOP} Publishing},
  volume = {688},
  number = {2},
  pages = {L61--L64},
  author = {M. V. van der Sluys and C. RÃ¶ver and A. Stroeer and others},
  title = {{Gravitational-Wave Astronomy with Inspiral Signals of Spinning Compact-Object Binaries}},
  journal = {{ApJL}},
}


@article{Veitch_2010,
  doi = {10.1103/physrevd.81.062003},
  url = {http://dx.doi.org/10.1103/PhysRevD.81.062003},
  year = {2010},
  month = {mar},
  publisher = {American Physical Society ({APS})},
  volume = {81},
  number = {6},
  author = {J. Veitch and A. Vecchio},
  title = {{Bayesian coherent analysis of in-spiral gravitational wave signals with a detector network}},
  journal = {Physical Review D},
}


@article{Cutler_1994,
  doi = {10.1103/physrevd.49.2658},
  url = {http://dx.doi.org/10.1103/physrevd.49.2658},
  year = {1994},
  month = {mar},
  publisher = {American Physical Society ({APS})},
  volume = {49},
  number = {6},
  pages = {2658--2697},
  author = {Curt Cutler and {\'{E}}anna E. Flanagan},
  title = {{Gravitational waves from merging compact binaries: How accurately can one extract the binary's parameters from the inspiral waveform?}},
  journal = {Physical Review D},
}


@ARTICLE{Berry_2014,
  author = {Berry, Christopher P.L. and Mandel, Ilya and Middleton Hannah and others},
  title = {{Parameter estimation for binary neutron-star coalescences with realistic noise during the Advanced LIGO era}},
  journal = {Astrophys.J.},
  number = {2},
  volume = {804},
  pages = {114},
  doi = {10.1088/0004-637X/804/2/114},
  year = {2015},
  month = {may},
  eprint = {1411.6934},
  archiveprefix = {arXiv},
  primaryclass = {astro-ph.HE},
  reportnumber = {LIGO-P1400232},
  slaccitation = {%%CITATION = ARXIV:1411.6934;%%},
  url = {http://dx.doi.org/10.1088/0004-637X/804/2/114},
}


@article{Vecchio_2004,
  doi = {10.1103/physrevd.70.042001},
  url = {http://dx.doi.org/10.1103/PhysRevD.70.042001},
  year = {2004},
  month = {aug},
  publisher = {American Physical Society ({APS})},
  volume = {70},
  number = {4},
  author = {Alberto Vecchio},
  title = {{{LISA} observations of rapidly spinning massive black hole binary systems}},
  journal = {Physical Review D},
}


@article{Lang_2006,
  doi = {10.1103/physrevd.74.122001},
  url = {http://dx.doi.org/10.1103/PhysRevD.74.122001},
  year = {2006},
  month = {dec},
  publisher = {American Physical Society ({APS})},
  volume = {74},
  number = {12},
  author = {Ryan Lang and Scott Hughes},
  title = {{Measuring coalescing massive binary black holes with gravitational waves: The impact of spin-induced precession}},
  journal = {Physical Review D},
}


@article{Chatziioannou_2014,
  doi = {10.1088/2041-8205/798/1/l17},
  url = {http://dx.doi.org/10.1088/2041-8205/798/1/L17},
  year = {2014},
  month = {dec},
  publisher = {{IOP} Publishing},
  volume = {798},
  number = {1},
  pages = {L17},
  author = {Katerina Chatziioannou and Neil Cornish and Antoine Klein and Nicol{\'{a}}s Yunes},
  title = {{{SPIN}-{PRECESSION}: {BREAKING} {THE} {BLACK} {HOLE}-{NEUTRON} {STAR} {DEGENERACY}}},
  journal = {{ApJ}},
}


@article{Vitale_2014,
  doi = {10.1103/physrevlett.112.251101},
  url = {http://dx.doi.org/10.1103/PhysRevLett.112.251101},
  year = {2014},
  month = {jun},
  publisher = {American Physical Society ({APS})},
  volume = {112},
  number = {25},
  author = {Salvatore Vitale and Ryan Lynch and John Veitch and Vivien Raymond and Riccardo Sturani},
  title = {{Measuring the Spin of Black Holes in Binary Systems Using Gravitational Waves}},
  journal = {Phys. Rev. Lett.},
}


@article{Sidery_2014,
  doi = {10.1103/physrevd.89.084060},
  url = {http://dx.doi.org/10.1103/physrevd.89.084060},
  year = {2014},
  month = {apr},
  publisher = {American Physical Society ({APS})},
  volume = {89},
  number = {8},
  author = {T. Sidery and B. Aylott and N. Christensen and others},
  title = {{Reconstructing the sky location of gravitational-wave detected compact binary systems: Methodology for testing and comparison}},
  journal = {Physical Review D},
}


@article{Aasi_2015,
  doi = {10.1088/0264-9381/32/7/074001},
  url = {http://dx.doi.org/10.1088/0264-9381/32/7/074001},
  year = {2015},
  month = {mar},
  publisher = {{IOP} Publishing},
  volume = {32},
  number = {7},
  pages = {074001},
  author = {J Aasi and B P Abbott and R Abbott and others},
  title = {{Advanced {LIGO}}},
  journal = {Classical and Quantum Gravity},
}


@article{Acernese_2014,
  doi = {10.1088/0264-9381/32/2/024001},
  url = {http://dx.doi.org/10.1088/0264-9381/32/2/024001},
  year = {2014},
  month = {dec},
  publisher = {{IOP} Publishing},
  volume = {32},
  number = {2},
  pages = {024001},
  author = {F Acernese and M Agathos and K Agatsuma and others},
  title = {{Advanced Virgo: a second-generation interferometric gravitational wave detector}},
  journal = {Classical and Quantum Gravity},
}


@article{Poisson_1995,
  doi = {10.1103/physrevd.52.848},
  url = {http://dx.doi.org/10.1103/PhysRevD.52.848},
  year = {1995},
  month = {jul},
  publisher = {American Physical Society ({APS})},
  volume = {52},
  number = {2},
  pages = {848--855},
  author = {Eric Poisson and Clifford Will},
  title = {{Gravitational waves from inspiraling compact binaries: Parameter estimation using second-post-Newtonian waveforms}},
  journal = {Physical Review D},
}


@article{Mandel_2010,
  doi = {10.1088/0264-9381/27/11/114007},
  url = {http://dx.doi.org/10.1088/0264-9381/27/11/114007},
  year = {2010},
  month = {may},
  publisher = {{IOP} Publishing},
  volume = {27},
  number = {11},
  pages = {114007},
  author = {Ilya Mandel and Richard O{\textquotesingle}Shaughnessy},
  title = {{Compact binary coalescences in the band of ground-based gravitational-wave detectors}},
  journal = {Classical and Quantum Gravity},
}


@article{Nissanke_2012,
  archiveprefix = {arXiv},
  arxivid = {1210.6362},
  author = {Nissanke, Samaya and Kasliwal, Mansi and Georgieva, Alexandra},
  doi = {10.1088/0004-637X/767/2/124},
  eprint = {1210.6362},
  issn = {0004-637X},
  journal = {The Astrophysical Journal},
  month = {apr},
  number = {2},
  pages = {124},
  title = {{Identifying Elusive Electromagnetic Counterparts To Gravitational Wave Mergers: An End-to-end Simulation}},
  volume = {767},
  year = {2013},
}


@article{Fan_2014,
  doi = {10.1088/0004-637x/795/1/43},
  url = {http://dx.doi.org/10.1088/0004-637X/795/1/43},
  year = {2014},
  month = {oct},
  publisher = {{IOP} Publishing},
  volume = {795},
  number = {1},
  pages = {43},
  author = {XiLong Fan and Christopher Messenger and Ik Siong Heng},
  title = {{A {BAYESIAN} {APPROACH} {TO} {MULTI}-{MESSENGER} {ASTRONOMY}: {IDENTIFICATION} {OF} {GRAVITATIONAL}-{WAVE} {HOST} {GALAXIES}}},
  journal = {{ApJ}},
}


@article{Schutz_1986,
  doi = {10.1038/323310a0},
  url = {http://dx.doi.org/10.1038/323310a0},
  year = {1986},
  month = {sep},
  publisher = {Nature Publishing Group},
  volume = {323},
  number = {6086},
  pages = {310--311},
  author = {Bernard F. Schutz},
  title = {{Determining the Hubble constant from gravitational wave observations}},
  journal = {Nature},
}


@article{Del_Pozzo_2012,
  doi = {10.1103/physrevd.86.043011},
  url = {http://dx.doi.org/10.1103/PhysRevD.86.043011},
  year = {2012},
  month = {aug},
  publisher = {American Physical Society ({APS})},
  volume = {86},
  number = {4},
  author = {Del Pozzo, Walter},
  title = {{Inference of cosmological parameters from gravitational waves: Applications to second generation interferometers}},
  journal = {Physical Review D},
}


@article{Lorimer_2008,
  doi = {10.12942/lrr-2008-8},
  url = {http://dx.doi.org/10.12942/lrr-2008-8},
  year = {2008},
  publisher = {Living Reviews},
  volume = {11},
  author = {Duncan R. Lorimer},
  title = {{Binary and Millisecond Pulsars}},
  journal = {Living Rev. Relativity},
}


@article{WhitePaper,
  author = {Aasi, J and others},
  collaboration = {LIGO Scientific and Virgo Collaboration},
  month = {nov},
  number = {LIGO-T1400054-v7},
  title = {{The LSC--Virgo White Paper on Gravitational Wave Searches and Astrophysics}},
  url = {https://dcc.ligo.org/T1400054/public},
  year = {2014},
}


@ARTICLE{Haster_2015,
  author = {{Haster}, C.-J. and {Mandel}, I. and {Farr}, W.~M.},
  title = {{Efficient method for measuring the parameters encoded in a gravitational-wave signal}},
  journal = {ArXiv e-prints},
  archiveprefix = {arXiv},
  eprint = {1502.05407},
  primaryclass = {astro-ph.IM},
  keywords = {Astrophysics - Instrumentation and Methods for Astrophysics, Astrophysics - High Energy Astrophysical Phenomena, General Relativity and Quantum Cosmology, Physics - Data Analysis, Statistics and Probability},
  year = {2015},
  month = {feb},
  adsurl = {http://adsabs.harvard.edu/abs/2015arXiv150205407H},
  adsnote = {Provided by the SAO/NASA Astrophysics Data System},
}


@ARTICLE{Hanna:2013,
  author = {{Hanna}, C. and {Mandel}, I. and {Vousden}, W.},
  title = {{Utility of Galaxy Catalogs for Following up Gravitational Waves from Binary Neutron Star Mergers with Wide-field Telescopes}},
  journal = {\apj},
  archiveprefix = {arXiv},
  eprint = {1312.2077},
  primaryclass = {astro-ph.HE},
  keywords = {binaries: close, catalogs, gravitational waves, stars: neutron},
  year = {2014},
  month = {mar},
  volume = {784},
  eid = {8},
  pages = {8},
  doi = {10.1088/0004-637X/784/1/8},
  adsurl = {http://adsabs.harvard.edu/abs/2014ApJ...784....8H},
  adsnote = {Provided by the SAO/NASA Astrophysics Data System},
}


@article{Kiziltan_2013,
  doi = {10.1088/0004-637x/778/1/66},
  url = {http://dx.doi.org/10.1088/0004-637X/778/1/66},
  year = {2013},
  month = {nov},
  publisher = {{IOP} Publishing},
  volume = {778},
  number = {1},
  pages = {66},
  author = {BÃ¼lent Kiziltan and Athanasios Kottas and Maria De Yoreo and Stephen E. Thorsett},
  title = {{{THE} {NEUTRON} {STAR} {MASS} {DISTRIBUTION}}},
  journal = {{ApJ}},
}


@article{_zel_2012,
  doi = {10.1088/0004-637x/757/1/55},
  url = {http://dx.doi.org/10.1088/0004-637X/757/1/55},
  year = {2012},
  month = {sep},
  publisher = {{IOP} Publishing},
  volume = {757},
  number = {1},
  pages = {55},
  author = {Feryal \"{O}zel and Dimitrios Psaltis and Ramesh Narayan and Antonio Santos Villarreal},
  title = {{{ON} {THE} {MASS} {DISTRIBUTION} {AND} {BIRTH} {MASSES} {OF} {NEUTRON} {STARS}}},
  journal = {{ApJ}},
}


@techreport{SingerPrice2015,
  author = {Singer, L. P. and Price, L. R.},
  month = {jul},
  number = {LIGO-P1500009},
  title = {{WHOOMP! (There it is) Rapid Bayesian position reconstruction for gravitational-wave transients}},
  url = {https://dcc.ligo.org/LIGO-P1500009},
  year = {2015},
}


@article{Wade_2014,
  doi = {10.1103/physrevd.89.103012},
  url = {http://dx.doi.org/10.1103/PhysRevD.89.103012},
  year = {2014},
  month = {may},
  publisher = {American Physical Society ({APS})},
  volume = {89},
  number = {10},
  author = {Leslie Wade and Jolien D. E. Creighton and Evan Ochsner and others},
  title = {{Systematic and statistical errors in a Bayesian approach to the estimation of the neutron-star equation of state using advanced gravitational wave detectors}},
  journal = {Physical Review D},
}


@article{Damour_2012,
  doi = {10.1103/physrevd.85.123007},
  url = {http://dx.doi.org/10.1103/PhysRevD.85.123007},
  year = {2012},
  month = {jun},
  publisher = {American Physical Society ({APS})},
  volume = {85},
  number = {12},
  author = {Thibault Damour and Alessandro Nagar and LoÃ¯c Villain},
  title = {{Measurability of the tidal polarizability of neutron stars in late-inspiral gravitational-wave signals}},
  journal = {Physical Review D},
}


@article{Hinderer_2010,
  doi = {10.1103/physrevd.81.123016},
  url = {http://dx.doi.org/10.1103/PhysRevD.81.123016},
  year = {2010},
  month = {jun},
  publisher = {American Physical Society ({APS})},
  volume = {81},
  number = {12},
  author = {Tanja Hinderer and Benjamin D. Lackey and Ryan N. Lang and Jocelyn S. Read},
  title = {{Tidal deformability of neutron stars with realistic equations of state and their gravitational wave signatures in binary inspiral}},
  journal = {Physical Review D},
}


@article{Vallisneri_2008,
  doi = {10.1103/physrevd.77.042001},
  url = {http://dx.doi.org/10.1103/PhysRevD.77.042001},
  year = {2008},
  month = {feb},
  publisher = {American Physical Society ({APS})},
  volume = {77},
  number = {4},
  author = {Michele Vallisneri},
  title = {{Use and abuse of the Fisher information matrix in the assessment of gravitational-wave parameter-estimation prospects}},
  journal = {Physical Review D},
}


@article{P_rrer_2014,
  doi = {10.1088/0264-9381/31/19/195010},
  url = {http://dx.doi.org/10.1088/0264-9381/31/19/195010},
  year = {2014},
  month = {sep},
  publisher = {{IOP} Publishing},
  volume = {31},
  number = {19},
  pages = {195010},
  author = {Michael PÃ¼rrer},
  title = {{Frequency-domain reduced order models for gravitational waves from aligned-spin compact binaries}},
  journal = {Class. Quantum Grav.},
}


@article{Canizares_2015,
  doi = {10.1103/physrevlett.114.071104},
  url = {http://dx.doi.org/10.1103/PhysRevLett.114.071104},
  year = {2015},
  month = {feb},
  publisher = {American Physical Society ({APS})},
  volume = {114},
  number = {7},
  author = {Priscilla Canizares and Scott E. Field and Jonathan Gair and others},
  title = {{Accelerated Gravitational Wave Parameter Estimation with Reduced Order Modeling}},
  journal = {Phys. Rev. Lett.},
}


@article{DelPozzo_2015,
  author = {{Del Pozzo}, Walter and others},
  jounal = {in prep.},
  year = {2015},
}


@article{Canizares_2013,
  doi = {10.1103/physrevd.87.124005},
  url = {http://dx.doi.org/10.1103/PhysRevD.87.124005},
  year = {2013},
  month = {jun},
  publisher = {American Physical Society ({APS})},
  volume = {87},
  number = {12},
  author = {Priscilla Canizares and Scott E. Field and Jonathan R. Gair and Manuel Tiglio},
  title = {{Gravitational wave parameter estimation with compressed likelihood evaluations}},
  journal = {Physical Review D},
}

  
  
